<collection xmlns="http://www.loc.gov/MARC21/slim">
<record>
  <leader>01660nam0a22002891i 450 </leader>
  <controlfield tag="001">IT\ICCU\CNCE\068480</controlfield>
  <controlfield tag="005">20150527000000.0</controlfield>
  <datafield tag="012" ind1=" " ind2=" ">
    <subfield code="a">e-on pera z-ol e-e, (C) 1547 (Q)</subfield>
    <subfield code="2">fei</subfield>
  </datafield>
  <datafield tag="100" ind1=" " ind2=" ">
    <subfield code="a">20061018f15471560    0itac0103    ba</subfield>
  </datafield>
  <datafield tag="101" ind1=" " ind2=" ">
    <subfield code="a">ITA</subfield>
  </datafield>
  <datafield tag="102" ind1=" " ind2=" ">
    <subfield code="a">IT</subfield>
  </datafield>
  <datafield tag="200" ind1="1" ind2=" ">
    <subfield code="a">Pronostico e taconyo francese, fatto per maestro Michel Nostradamus ... Con la lettera per la quale esso taconyo  ̈dedicato alla christianissima e serenissima Catarina, regina di Franza. Tradutto de lingua francesa, in lingua italiana</subfield>
  </datafield>
  <datafield tag="210" ind1=" " ind2=" ">
    <subfield code="a">In Milano</subfield>
    <subfield code="c">per Innocentio Cicognera</subfield>
    <subfield code="d">\tra il 1547 e il 1560!</subfield>
    <subfield code="e">In Milano</subfield>
    <subfield code="g">alla stampa di Innocenzo Cicognera che sta nella contrada de Santa Margherita appresso la chiesa de Santo Prothaso la Regora al segno della Cicogna</subfield>
  </datafield>
  <datafield tag="215" ind1=" " ind2=" ">
    <subfield code="a">8 c.</subfield>
    <subfield code="d">4ʻ</subfield>
  </datafield>
  <datafield tag="300" ind1=" " ind2=" ">
    <subfield code="a">La data presunta si ricava dagli anni di regno di  Caterina dei Medici in cui fu attivo il tipografo</subfield>
  </datafield>
  <datafield tag="620" ind1=" " ind2=" ">
    <subfield code="a">IT</subfield>
    <subfield code="d">Milano</subfield>
  </datafield>
  <datafield tag="700" ind1=" " ind2="0">
    <subfield code="a">Nostradamus</subfield>
    <subfield code="3">IT\ICCU\CNCA\010587</subfield>
  </datafield>
  <datafield tag="712" ind1="0" ind2="0">
    <subfield code="a">Cicognara, Innocenzo</subfield>
    <subfield code="3">IT\ICCU\CNCT\000111</subfield>
    <subfield code="4">650</subfield>
  </datafield>
  <datafield tag="790" ind1=" " ind2="1">
    <subfield code="a">Notredame,</subfield>
    <subfield code="b">Michel : de</subfield>
    <subfield code="3">IT\ICCU\CNCA\016652</subfield>
    <subfield code="z">Nostradamus</subfield>
  </datafield>
  <datafield tag="790" ind1=" " ind2="1">
    <subfield code="a">Nostradamo,</subfield>
    <subfield code="b">Michele</subfield>
    <subfield code="3">IT\ICCU\CNCA\017666</subfield>
    <subfield code="z">Nostradamus</subfield>
  </datafield>
  <datafield tag="791" ind1="0" ind2="0">
    <subfield code="a">Cicognara, Nocento da</subfield>
    <subfield code="3">IT\ICCU\CNCT\004592</subfield>
    <subfield code="z">Cicognara, Innocenzo</subfield>
  </datafield>
  <datafield tag="791" ind1="0" ind2="0">
    <subfield code="a">Cicognera, Innocentio de</subfield>
    <subfield code="3">IT\ICCU\CNCT\004594</subfield>
    <subfield code="z">Cicognara, Innocenzo</subfield>
  </datafield>
  <datafield tag="791" ind1="0" ind2="0">
    <subfield code="a">Ciconiara, Innocentius</subfield>
    <subfield code="3">IT\ICCU\CNCT\004596</subfield>
    <subfield code="z">Cicognara, Innocenzo</subfield>
  </datafield>
  <datafield tag="791" ind1="0" ind2="0">
    <subfield code="a">Ciconiarus, Innocentius</subfield>
    <subfield code="3">IT\ICCU\CNCT\004598</subfield>
    <subfield code="z">Cicognara, Innocenzo</subfield>
  </datafield>
  <datafield tag="791" ind1="0" ind2="2">
    <subfield code="a">℗al segno della ℗Cicogna</subfield>
    <subfield code="3">IT\ICCU\CNCT\006420</subfield>
    <subfield code="z">Cicognara, Innocenzo</subfield>
  </datafield>
  <datafield tag="801" ind1=" " ind2="3">
    <subfield code="a">IT</subfield>
    <subfield code="b">ICCU</subfield>
    <subfield code="c">20201115</subfield>
  </datafield>
  <datafield tag="899" ind1=" " ind2=" ">
    <subfield code="a">Biblioteca Ambrosiana. Milano</subfield>
    <subfield code="1">MI0133</subfield>
    <subfield code="2">VBA 01</subfield>
  </datafield>
</record>
</collection>
